@book{garcia2006elementos,
  title={Elementos de {\'a}lgebra},
  author={Garcia, Arnaldo and Lequain, Yves},
  year={2006},
  publisher={Instituto de Matem{\'a}tica Pura e Aplicada}
}

@book{lee2018abstract,
  title={Abstract algebra: An introductory course},
  author={Lee, Gregory T},
  year={2018},
  publisher={Springer}
}

@book{artin1991algebra,
  title={Algebra},
  author={Artin, Michael},
  year={1991},
  publisher={Prentice-Hall}
}